@article{anders2012detecting,
  author    = {Anders, Simon and Reyes, Alejandro and Huber, Wolfgang},
  title     = {Detecting differential usage of exons from RNA-seq data},
  journal   = {Genome Research},
  volume    = {22},
  pages     = {4025},
  year      = {2012},
  doi       = {10.1101/gr.133744.111}
}


@misc{biorender,
  author = {{BioRender}},
  title = {BioRender - Biological Figure Creation Tool},
  year = {2024},
  howpublished = {\url{https://BioRender.com}},
  note = {Accessed: 2024-12-09}
}
